%% This BibTeX bibliography file was created using BibDesk.
%% http://bibdesk.sourceforge.net/

%% Created for Yvan Putra Satyawan at 2023-02-11 19:16:25 +0100 


%% Saved with string encoding Unicode (UTF-8) 



@unpublished{satyawan2023cnns,
	author = {Yvan Putra Satyawan},
	date-added = {2023-02-11 19:15:43 +0100},
	date-modified = {2023-02-11 19:16:25 +0100},
	month = {1},
	title = {CNNs and Preprocessing: The Dynamic Duo of Wi-Fi Localization},
	year = {2023}}

@mastersthesis{sips2022impact,
	author = {Sips, Suze E.},
	date-added = {2023-02-11 19:11:44 +0100},
	date-modified = {2023-02-11 19:12:49 +0100},
	school = {Eindhoven University of Technology},
	title = {Impact analysis of network pruning and quantization on the domain shift problem in a recognition context, using WiFi CSI data},
	year = {2022}}

@mastersthesis{biggelaar2022gesture,
	author = {van den Biggelaar, Lieke A.J.},
	date-added = {2023-02-11 19:10:41 +0100},
	date-modified = {2023-02-11 19:11:42 +0100},
	school = {Eindhoven University of Technology},
	title = {Gesture recognition using Deep Q-Neworks on WiFi-CSI data},
	year = {2022}}

@mastersthesis{oerlemans2022effect,
	author = {Oerlemans, C.H.J.M},
	date-added = {2023-02-11 19:09:09 +0100},
	date-modified = {2023-02-11 19:10:28 +0100},
	school = {Tilburg University},
	title = {The Effect of Data Preprocessing On the Performance of Few-shot Learning for Wi-Fi CSI- based Gesture Recognition The Effect of Data Preprocessing on the Performance of Few-shot Learning for Wi-Fi CSI-based Gesture Recognition},
	year = {2022}}

@electronic{tue2019atlas,
	author = {Technical University of Eindhoven},
	date-added = {2023-02-09 15:44:01 +0100},
	date-modified = {2023-02-09 15:45:42 +0100},
	lastchecked = {2023-02-09},
	month = {04},
	title = {Atlas most sustainable education building in the world Atlas most sustainable education building in the world Atlas most sustainable education building in the world},
	url = {https://www.tue.nl/en/our-university/tue-campus/buildings/atlas/atlas-most-sustainable-education-building-in-the-world/},
	year = {2019},
	bdsk-url-1 = {https://www.tue.nl/en/our-university/tue-campus/buildings/atlas/atlas-most-sustainable-education-building-in-the-world/}}

@electronic{hasan2022state,
	author = {Mohammad Hasan},
	date-added = {2023-02-09 14:31:39 +0100},
	date-modified = {2023-02-09 15:46:13 +0100},
	lastchecked = {2023-02-09},
	title = {State of IoT 2022\: Number of connected IoT devices growing 18\% to 14.4 billion globally},
	url = {https://iot-analytics.com/number-connected-iot-devices/},
	urldate = {2022-05-18},
	bdsk-url-1 = {https://iot-analytics.com/number-connected-iot-devices/}}

@article{chetty2011through,
	author = {Chetty, Kevin and Smith, Graeme E and Woodbridge, Karl},
	journal = {IEEE Transactions on Geoscience and Remote Sensing},
	number = {4},
	pages = {1218--1226},
	publisher = {IEEE},
	title = {Through-the-wall sensing of personnel using passive bistatic wifi radar at standoff distances},
	volume = {50},
	year = {2011}}

@book{dmlsbook2022,
	address = {USA},
	author = {Chip Huyen},
	isbn = {978-1801819312},
	publisher = {O'Reilly Media},
	title = {{Designing Machine Learning Systems}},
	year = {2022}}

@inproceedings{adib2013see,
	author = {Adib, Fadel and Katabi, Dina},
	booktitle = {Proceedings of the ACM SIGCOMM 2013 conference on SIGCOMM},
	pages = {75--86},
	title = {See through walls with WiFi\!},
	year = {2013}}

@article{du2022overview,
	author = {Du, Rui and Xie, Hailiang and Hu, Mengshi and Xin, Yan and McCann, Stephen and Montemurro, Michael and Han, Tony Xiao and Xu, Jie and others},
	journal = {arXiv preprint arXiv:2207.04859},
	title = {An overview on IEEE 802.11 bf: WLAN sensing},
	year = {2022}}

@inproceedings{jiang2018towards,
	author = {Jiang, Wenjun and Miao, Chenglin and Ma, Fenglong and Yao, Shuochao and Wang, Yaqing and Yuan, Ye and Xue, Hongfei and Song, Chen and Ma, Xin and Koutsonikolas, Dimitrios and others},
	booktitle = {Proceedings of the 24th annual international conference on mobile computing and networking},
	pages = {289--304},
	title = {Towards environment independent device free human activity recognition},
	year = {2018}}

@article{xue2020deepmv,
	author = {Xue, Hongfei and Jiang, Wenjun and Miao, Chenglin and Ma, Fenglong and Wang, Shiyang and Yuan, Ye and Yao, Shuochao and Zhang, Aidong and Su, Lu},
	journal = {Proceedings of the ACM on Interactive, Mobile, Wearable and Ubiquitous Technologies},
	number = {1},
	pages = {1--26},
	publisher = {ACM New York, NY, USA},
	title = {DeepMV: Multi-view deep learning for device-free human activity recognition},
	volume = {4},
	year = {2020}}

@article{ma2021location,
	author = {Ma, Yongsen and Arshad, Sheheryar and Muniraju, Swetha and Torkildson, Eric and Rantala, Enrico and Doppler, Klaus and Zhou, Gang},
	journal = {ACM Transactions on Internet of Things},
	number = {1},
	pages = {1--25},
	publisher = {ACM New York, NY, USA},
	title = {Location-and person-independent activity recognition with WiFi, deep neural networks, and reinforcement learning},
	volume = {2},
	year = {2021}}

@inproceedings{pu2013whole,
	author = {Pu, Qifan and Gupta, Sidhant and Gollakota, Shyamnath and Patel, Shwetak},
	booktitle = {Proceedings of the 19th annual international conference on Mobile computing \& networking},
	pages = {27--38},
	title = {Whole-home gesture recognition using wireless signals},
	year = {2013}}

@inproceedings{adib20143d,
	author = {Adib, Fadel and Kabelac, Zach and Katabi, Dina and Miller, Robert C},
	booktitle = {11th $\{$USENIX$\}$ Symposium on Networked Systems Design and Implementation ($\{$NSDI$\}$ 14)},
	pages = {317--329},
	title = {3D tracking via body radio reflections},
	year = {2014}}

@inproceedings{he2015wig,
	author = {He, Wenfeng and Wu, Kaishun and Zou, Yongpan and Ming, Zhong},
	booktitle = {2015 24th International Conference on Computer Communication and Networks (ICCCN)},
	organization = {IEEE},
	pages = {1--7},
	title = {WiG: WiFi-based gesture recognition system},
	year = {2015}}

@inproceedings{wang2019person,
	author = {Wang, Fei and Zhou, Sanping and Panev, Stanislav and Han, Jinsong and Huang, Dong},
	booktitle = {Proceedings of the IEEE/CVF International Conference on Computer Vision},
	pages = {5452--5461},
	title = {Person-in-WiFi: Fine-grained person perception using WiFi},
	year = {2019}}

@article{zhuravchak2022human,
	author = {Zhuravchak, Andrii and Kapshii, Oleg and Pournaras, Evangelos},
	journal = {Procedia Computer Science},
	pages = {59--66},
	publisher = {Elsevier},
	title = {Human Activity Recognition based on Wi-Fi CSI Data-A Deep Neural Network Approach},
	volume = {198},
	year = {2022}}

@article{zhang2022wifi,
	author = {Zhang, Weidong and Wang, Zexing and Wu, Xuangou},
	journal = {Sensors},
	number = {6},
	pages = {2349},
	publisher = {MDPI},
	title = {WiFi signal-based gesture recognition using federated parameter-matched aggregation},
	volume = {22},
	year = {2022}}

@inproceedings{zheng2019zero,
	author = {Zheng, Yue and Zhang, Yi and Qian, Kun and Zhang, Guidong and Liu, Yunhao and Wu, Chenshu and Yang, Zheng},
	booktitle = {Proceedings of the 17th annual international conference on mobile systems, applications, and services},
	pages = {313--325},
	title = {Zero-effort cross-domain gesture recognition with Wi-Fi},
	year = {2019}}

@article{ma2018signfi,
	author = {Ma, Yongsen and Zhou, Gang and Wang, Shuangquan and Zhao, Hongyang and Jung, Woosub},
	journal = {Proceedings of the ACM on Interactive, Mobile, Wearable and Ubiquitous Technologies},
	number = {1},
	pages = {1--21},
	publisher = {ACM New York, NY, USA},
	title = {Signfi: Sign language recognition using wifi},
	volume = {2},
	year = {2018}}

@inproceedings{zhang2021adversarial,
	author = {Zhang, Youshan and Ye, Hui and Davison, Brian D},
	booktitle = {Proceedings of the IEEE/CVF Winter Conference on Applications of Computer Vision},
	pages = {635--644},
	title = {Adversarial reinforcement learning for unsupervised domain adaptation},
	year = {2021}}

@article{zinys2021domain,
	author = {Zinys, Augustinas and van Berlo, Bram and Meratnia, Nirvana},
	journal = {Sensors},
	number = {23},
	pages = {7852},
	publisher = {MDPI},
	title = {A domain-independent generative adversarial network for activity recognition using wifi csi data},
	volume = {21},
	year = {2021}}

@inproceedings{van2022insights,
	author = {van Berlo, Bram and Ozcelebi, Tanir and Meratnia, Nirvana},
	booktitle = {2022 IEEE International Conference on Pervasive Computing and Communications Workshops and other Affiliated Events (PerCom Workshops)},
	organization = {IEEE},
	pages = {527--532},
	title = {Insights on mini-batch alignment for wifi-csi data domain factor independent feature extraction},
	year = {2022}}

@article{sharma2019deepinsight,
	title={DeepInsight: A methodology to transform a non-image data to an image for convolution neural network architecture},
	author={Sharma, Alok and Vans, Edwin and Shigemizu, Daichi and Boroevich, Keith A and Tsunoda, Tatsuhiko},
	journal={Scientific reports},
	volume={9},
	number={1},
	pages={1--7},
	year={2019},
	publisher={Nature Publishing Group}
}

@article{bazgir2020representation,
	title={Representation of features as images with neighborhood dependencies for compatibility with convolutional neural networks},
	author={Bazgir, Omid and Zhang, Ruibo and Dhruba, Saugato Rahman and Rahman, Raziur and Ghosh, Souparno and Pal, Ranadip},
	journal={Nature communications},
	volume={11},
	number={1},
	pages={1--13},
	year={2020},
	publisher={Nature Publishing Group}
}

@article{zhu2021converting,
	title={Converting tabular data into images for deep learning with convolutional neural networks},
	author={Zhu, Yitan and Brettin, Thomas and Xia, Fangfang and Partin, Alexander and Shukla, Maulik and Yoo, Hyunseung and Evrard, Yvonne A and Doroshow, James H and Stevens, Rick L},
	journal={Scientific reports},
	volume={11},
	number={1},
	pages={1--11},
	year={2021},
	publisher={Nature Publishing Group}
}

@inproceedings{wang2015imaging,
	title={Imaging time-series to improve classification and imputation},
	author={Wang, Zhiguang and Oates, Tim},
	booktitle={24th International Joint Conference on Artificial Intelligence},
	year={2015}
}